@online{pygameAbout,
    title = {About - Wiki},
    author = {{Pygame}},
    year = {2021},
    url = {https://www.pygame.org/wiki/about},
    urldate = {2021-03-25}
}
@online{SDLIntro,
    title = {Introduction to SDL 2.0},
    author = {{SDL}},
    year = {2021},
    url = {https://wiki.libsdl.org/Introduction},
    urldate = {2021-03-25}
}
@online{kidsCanCodeLessions,
    title = {Python Lessons and Tutorials},
    author = {Chris Bradfield},
    organization = {{KidsCanCode}},
    year = {2019},
    url = {https://kidscancode.org/lessons/},
    urldate = {2021-05-01}
}
@online{stackoverflowSmoothTileMovement,
    title = {How do I move the player smoothly in a tile based game?},
    author = {{Rabbid76}},
    organization = {{Stack Overflow}},
    year = {2020},
    url = {https://kidscancode.org/lessons/},
    urldate = {2021-03-25}
}
@online{gamesAtAGlance,
    title = {Building games that can be understood at a glance},
    author = {Zach Gage},
    organization = {{GDC}},
    year = {2018},
    url = {https://stfj.net/DesigningForSubwayLegibility/},
    urldate = {2021-05-02}
}
@online{pacmanDoodle,
    title = {Pacman Doodle},
    author = {{Google}},
    year = {2010},
    url = {https://www.google.com/logos/2010/pacman10-i.html},
    urldate = {2021-05-01}
}
@online{20x20Tileset,
    title = {20x20 Tileset},
    author = {drakzlin},
    year = {2018},
    url = {https://opengameart.org/content/20x20-tileset},
    urldate = {2021-05-02}
}
@online{kidsCanCodeTileBasedGameP2,
    title = {Tile-based game Part 2: Collisions and Tilemap},
    author = {Chris Bradfield},
    organization = {{KidsCanCode}},
    year = {2016},
    url = {https://www.youtube.com/watch?v=ajR4BZBKTr4},
    urldate = {2021-05-10}
}
@online{fileEncryptAndDecrypt,
    title = {Encrypt and Decrypt Files using Python},
    author = {{Pyshark}},
    year = {2020},
    url = {https://pyshark.com/encrypt-and-decrypt-files-using-python/},
    urldate = {2021-04-01}
}
@online{kidsCanCodePlatformerP7Github,
    title = {kidscancode/pygame_tutorials/platform/part 7},
    author = {Chris Bradfield},
    organization = {{KidsCanCode}},
    year = {2017},
    url = {https://github.com/kidscancode/pygame_tutorials/tree/master/platform/part 7},
    urldate = {2021-04-01}
}
@online{kidsCanCodePlatformerP7Vidro,
    title = {Pygame Platformer Part 7: Splash \& End Screens},
    author = {Chris Bradfield},
    organization = {{KidsCanCode}},
    year = {2016},
    url = {https://youtu.be/rLrMPg-GCqo},
    urldate = {2021-04-01}
}
@online{pythonTutorialPrivateAttributes,
    title = {Python Private Attributes},
    author = {Python Tutorial},
    url = {https://www.pythontutorial.net/python-oop/python-private-attributes/},
    urldate = {2021-04-10}
}
@online{stackExchangeCollisionBox,
    title = {Adjusting collision hitbox size with Pygame},
    author = {Stack Exchange: Game Development},
    url = {https://gamedev.stackexchange.com/questions/159082/adjusting-collision-hitbox-size-with-pygame},
    urldate = {2021-04-16}
}
@online{kidsCanCodePlatformerP18Github,
    title = {pygame_tutorials/platform/part 18/sprites.py/},
    author = {Chris Bradfield},
    organization = {{KidsCanCode}},
    year = {2017},
    url = {https://github.com/kidscancode/pygame_tutorials/blob/master/platform/part\%2018/sprites.py#L7},
    urldate = {2021-04-25}
}
@online{tiledLevelEditor,
    title = {pygame_tutorials/platform/part 18/sprites.py/},
    author = {Tiled},
    year = {2021},
    url = {https://www.mapeditor.org/},
    urldate = {2021-04-25}
}
@online{pyTMX,
    title = {Pytmx},
    author = {bitcraft},
    year = {2021},
    url = {https://github.com/bitcraft/PyTMX},
    urldate = {2021-04-16}
}
